<?xml version="1.0" encoding="UTF-8"?><collection xmlns="http://www.loc.gov/MARC21/slim"><record><leader>00387nam--2200121-i-4500</leader><controlfield tag="001">000034054</controlfield><controlfield tag="002">20161230</controlfield><controlfield tag="005">20161230201039</controlfield><controlfield tag="008">060222s1000------------r-----000-0-eng-d</controlfield><datafield ind1=" " ind2=" " tag="100"><subfield code="a">Muller-markus, Siegfried</subfield></datafield><datafield ind1=" " ind2=" " tag="245"><subfield code="a">Einstein und die sowjetphilosophie. krisis einer lehre. bd. 2. die allgemeine relativitatstheorie</subfield></datafield><datafield ind1=" " ind2=" " tag="260"><subfield code="a">Dordrecht, D.Reidel Publ.Co., 1966, X + 509p</subfield></datafield><datafield ind1=" " ind2=" " tag="852"><subfield code="a">24485</subfield></datafield></record></collection>